 @book{Weber1973,
	 address={Leipzig},
	 edition={1},
	 title={Grundlagen des Bandwalzens},
	 publisher={VEB Deutscher Verlag f√ºr Grundstoffindustrie},
	 author={Weber, K. H.},
	 year={1973},
	 language={de} }
